
    <!-- era no trailing period, 3 digits- -->
    <record>
        <leader>66662cim  2200457Ia 45í0</leader>
        <controlfield tag="001">a999</controlfield>
        <controlfield tag="008">041202s2000    mdunnn  s      f    eng d</controlfield>
        <datafield tag="245" ind1="1" ind2="4">
            <subfield code="a">era "To 449" no trailing period</subfield>
        </datafield>
        <datafield tag="651" ind1=" " ind2="0">
            <subfield code="a">Great Britain</subfield>
            <subfield code="x">Religion</subfield>
            <subfield code="y">To 449</subfield>
            <subfield code="v">Congresses.</subfield>
        </datafield>
    </record>