
    <!-- era other: 045ax-x -->
    <record>
        <leader>66662cim  2200457Ia 45í0</leader>
        <controlfield tag="001">ano650but045a</controlfield>
        <controlfield tag="008">041202s2000    mdunnn  s      f    eng d</controlfield>
        <datafield tag="045" ind1=" " ind2=" ">
            <subfield code="a">x-x-</subfield>
        </datafield>
        <datafield tag="245" ind1="1" ind2="4">
            <subfield code="a">era other: 045ax-x</subfield>
        </datafield>
    </record>