
    <!-- era other: no 650 -->
    <record>
        <leader>66662cim  2200457Ia 45í0</leader>
        <controlfield tag="001">ano650or045a</controlfield>
        <controlfield tag="008">041202s2000    mdunnn  s      f    eng d</controlfield>
        <datafield tag="245" ind1="1" ind2="4">
            <subfield code="a">era other: no 650 or 045a</subfield>
        </datafield>
    </record>
</collection>
    
